@misc{block2020social,
    title={Social network-based distancing strategies to flatten the COVID 19 curve in a post-lockdown world},
    author={Per Block and Marion Hoffman and Isabel J. Raabe and Jennifer Beam Dowd and Charles Rahal and Ridhi Kashyap and Melinda C. Mills},
    year={2020},
    eprint={2004.07052},
    archivePrefix={arXiv},
    primaryClass={physics.soc-ph}
}
@article{thunstrom2020benefits,
  title={The benefits and costs of flattening the curve for COVID-19},
  author={Thunstrom, Linda and Newbold, Stephen and Finnoff, David and Ashworth, Madison and Shogren, Jason F},
  journal={Available at SSRN 3561934},
  year={2020}
}
@inproceedings{schroff2015facenet,
  title={Facenet: A unified embedding for face recognition and clustering},
  author={Schroff, Florian and Kalenichenko, Dmitry and Philbin, James},
  booktitle={Proceedings of the IEEE conference on computer vision and pattern recognition},
  pages={815--823},
  year={2015}
}
@misc{pham2018cooperative,
    title={Cooperative and Distributed Reinforcement Learning of Drones for Field Coverage},
    author={Huy Xuan Pham and Hung Manh La and David Feil-Seifer and Aria Nefian},
    year={2018},
    eprint={1803.07250},
    archivePrefix={arXiv},
    primaryClass={cs.RO}
}
@inproceedings{viola2001robust,
  title={Robust real-time face detection},
  author={Viola, Paul and Jones, Michael},
  booktitle={null},
  pages={747},
  year={2001},
  organization={IEEE}
}
@article{gynnild2014robot,
  title={The Robot Eye Witness: Extending visual journalism through drone surveillance},
  author={Gynnild, Astrid},
  journal={Digital journalism},
  volume={2},
  number={3},
  pages={334--343},
  year={2014},
  publisher={Taylor \& Francis}
}
@INPROCEEDINGS{8377077, author={M. {Elloumi} and R. {Dhaou} and B. {Escrig} and H. {Idoudi} and L. A. {Saidane}}, booktitle={2018 IEEE Wireless Communications and Networking Conference (WCNC)}, title={Monitoring road traffic with a UAV-based system}, year={2018}, volume={}, number={}, pages={1-6},}

@ARTICLE{1618950, author={B. {Coifman} and M. {McCord} and R. G. {Mishalani} and M. {Iswalt} and Y. {Ji}}, journal={IEE Proceedings - Intelligent Transport Systems}, title={Roadway traffic monitoring from an unmanned aerial vehicle}, year={2006}, volume={153}, number={1}, pages={11-20},}

@INPROCEEDINGS{8692269, author={O. {Surinta} and S. {Khruahong}}, booktitle={2019 Joint International Conference on Digital Arts, Media and Technology with ECTI Northern Section Conference on Electrical, Electronics, Computer and Telecommunications Engineering (ECTI DAMT-NCON)}, title={Tracking People and Objects with an Autonomous Unmanned Aerial Vehicle using Face and Color Detection}, year={2019}, volume={}, number={}, pages={206-210},}

@INPROCEEDINGS{6704220, author={P. {Intani} and T. {Orachon}}, booktitle={2013 13th International Conference on Control, Automation and Systems (ICCAS 2013)}, title={Crime warning system using image and sound processing}, year={2013}, volume={}, number={}, pages={1751-1753},}


@@article{article,
author = {Mnih, Volodymyr and Badia, Adri√† and Mirza, Mehdi and Graves, Alex and Lillicrap, Timothy and Harley, Tim and Silver, David and Kavukcuoglu, Koray},
year = {2016},
month = {02},
pages = {},
title = {Asynchronous Methods for Deep Reinforcement Learning}
}

@article{pham2018cooperative,
  title={Cooperative and distributed reinforcement learning of drones for field coverage},
  author={Pham, Huy Xuan and La, Hung Manh and Feil-Seifer, David and Nefian, Aria},
  journal={arXiv preprint arXiv:1803.07250},
  year={2018}
}
